<?xml version="1.0" encoding="UTF-8"?>
<record xmlns="http://www.loc.gov/MARC21/slim" xmlns:xsi="http://www.w3.org/2001/XMLSchema-instance" xsi:schemaLocation="http://www.loc.gov/MARC21/slim http://www.loc.gov/standards/marcxml/schema/MARC21slim.xsd">
<leader>     nam a2200217ua 4500</leader>
<controlfield tag="001">001680984</controlfield>
<controlfield tag="003">NNU</controlfield>
<controlfield tag="005">20001218230256.0</controlfield>
<controlfield tag="008">950407m19611962sy       b    000 0 ara d</controlfield>
<datafield tag="035" ind1="9" ind2=" ">
<subfield code="a">NYUb12224388</subfield>
</datafield>
<datafield tag="035" ind1=" " ind2=" ">
<subfield code="a">(NjP)notisCBT4494</subfield>
</datafield>
<datafield tag="035" ind1=" " ind2=" ">
<subfield code="a">(CStRLIN)NJPG95-B22811</subfield>
</datafield>
<datafield tag="040" ind1=" " ind2=" ">
<subfield code="a">NjP</subfield>
<subfield code="c">NjP</subfield>
</datafield>
<datafield tag="100" ind1="1" ind2=" ">
<subfield code="a">Riḍā, ʻAlī.</subfield>
</datafield>
<datafield tag="245" ind1="1" ind2="3">
<subfield code="a">al-Marjiʻ fī al-lughah al-ʻArabīyah</subfield>
<subfield code="b">naḥwihā wa-ṣarfīhā /</subfield>
<subfield code="c">ʻAlī Riḍā.</subfield>
</datafield>
<datafield tag="260" ind1=" " ind2=" ">
<subfield code="a">Ḥalab :</subfield>
<subfield code="b">al-Maṭbaʻah al-Sūrīyah,</subfield>
<subfield code="c">1961-1962.</subfield>
</datafield>
<datafield tag="300" ind1=" " ind2=" ">
<subfield code="a">3 v. ;</subfield>
<subfield code="c">25 cm.</subfield>
</datafield>
<datafield tag="504" ind1=" " ind2=" ">
<subfield code="a">Includes bibliographical references (v. 3, p. 275).</subfield>
</datafield>
<datafield tag="650" ind1=" " ind2="0">
<subfield code="a">Arabic language</subfield>
<subfield code="x">Grammar.</subfield>
</datafield>
<datafield tag="OWN" ind1=" " ind2=" ">
<subfield code="a">GENERAL</subfield>
</datafield>
<datafield tag="950" ind1=" " ind2=" ">
<subfield code="l">BMAIN</subfield>
<subfield code="a">PJ6106</subfield>
<subfield code="b">.R5</subfield>
</datafield>
<datafield tag="955" ind1=" " ind2=" ">
<subfield code="l">BMAIN</subfield>
<subfield code="c">1:v.2</subfield>
<subfield code="r">001230294</subfield>
</datafield>
<datafield tag="998" ind1=" " ind2=" ">
<subfield code="s">9124</subfield>
</datafield>
<datafield tag="AVA" ind1=" " ind2=" ">
<subfield code="a">NYU50</subfield>
<subfield code="b">BOBST</subfield>
<subfield code="c">Main Collection</subfield>
<subfield code="d">PJ6106 .R5</subfield>
<subfield code="e">unavailable</subfield>
<subfield code="t">Unavailable</subfield>
<subfield code="f">1</subfield>
<subfield code="g">1</subfield>
<subfield code="h">Y</subfield>
<subfield code="i">0</subfield>
<subfield code="j">MAIN</subfield>
<subfield code="k">0</subfield>
</datafield>
</record>
